@article{fasterrcnncite,
  author    = {Shaoqing Ren and
               Kaiming He and
               Ross B. Girshick and
               Jian Sun},
  title     = {Faster {R-CNN:} Towards Real-Time Object Detection with Region Proposal
               Networks},
  journal   = {CoRR},
  volume    = {abs/1506.01497},
  year      = {2015},
  url       = {http://arxiv.org/abs/1506.01497},
  archivePrefix = {arXiv},
  eprint    = {1506.01497},
  timestamp = {Mon, 13 Aug 2018 16:46:02 +0200},
  biburl    = {https://dblp.org/rec/bib/journals/corr/RenHG015},
  bibsource = {dblp computer science bibliography, https://dblp.org}
}

@article{yolocite,
  author    = {Joseph Redmon and
               Santosh Kumar Divvala and
               Ross B. Girshick and
               Ali Farhadi},
  title     = {You Only Look Once: Unified, Real-Time Object Detection},
  journal   = {CoRR},
  volume    = {abs/1506.02640},
  year      = {2015},
  url       = {http://arxiv.org/abs/1506.02640},
  archivePrefix = {arXiv},
  eprint    = {1506.02640},
  timestamp = {Mon, 13 Aug 2018 16:48:08 +0200},
  biburl    = {https://dblp.org/rec/bib/journals/corr/RedmonDGF15},
  bibsource = {dblp computer science bibliography, https://dblp.org}
}

@article{yolo9000cite,
  author    = {Joseph Redmon and
               Ali Farhadi},
  title     = {{YOLO9000:} Better, Faster, Stronger},
  journal   = {CoRR},
  volume    = {abs/1612.08242},
  year      = {2016},
  url       = {http://arxiv.org/abs/1612.08242},
  archivePrefix = {arXiv},
  eprint    = {1612.08242},
  timestamp = {Mon, 13 Aug 2018 16:48:25 +0200},
  biburl    = {https://dblp.org/rec/bib/journals/corr/RedmonF16},
  bibsource = {dblp computer science bibliography, https://dblp.org}
}

@article{ssdcite,
   title={SSD: Single Shot MultiBox Detector},
   ISBN={9783319464480},
   ISSN={1611-3349},
   url={http://dx.doi.org/10.1007/978-3-319-46448-0_2},
   DOI={10.1007/978-3-319-46448-0_2},
   journal={Lecture Notes in Computer Science},
   publisher={Springer International Publishing},
   author={Liu, Wei and Anguelov, Dragomir and Erhan, Dumitru and Szegedy, Christian and Reed, Scott and Fu, Cheng-Yang and Berg, Alexander C.},
   year={2016},
   pages={21â€“37}
}

@article{flretnetcite,
  author    = {Tsung{-}Yi Lin and
               Priya Goyal and
               Ross B. Girshick and
               Kaiming He and
               Piotr Doll{\'{a}}r},
  title     = {Focal Loss for Dense Object Detection},
  journal   = {CoRR},
  volume    = {abs/1708.02002},
  year      = {2017},
  url       = {http://arxiv.org/abs/1708.02002},
  archivePrefix = {arXiv},
  eprint    = {1708.02002},
  timestamp = {Mon, 13 Aug 2018 16:46:12 +0200},
  biburl    = {https://dblp.org/rec/bib/journals/corr/abs-1708-02002},
  bibsource = {dblp computer science bibliography, https://dblp.org}
}

@article{cornernetcite,
  author    = {Hei Law and
               Jia Deng},
  title     = {CornerNet: Detecting Objects as Paired Keypoints},
  journal   = {CoRR},
  volume    = {abs/1808.01244},
  year      = {2018},
  url       = {http://arxiv.org/abs/1808.01244},
  archivePrefix = {arXiv},
  eprint    = {1808.01244},
  timestamp = {Sun, 02 Sep 2018 15:01:55 +0200},
  biburl    = {https://dblp.org/rec/bib/journals/corr/abs-1808-01244},
  bibsource = {dblp computer science bibliography, https://dblp.org}
}

@article{fpncite,
  author    = {Tsung{-}Yi Lin and
               Piotr Doll{\'{a}}r and
               Ross B. Girshick and
               Kaiming He and
               Bharath Hariharan and
               Serge J. Belongie},
  title     = {Feature Pyramid Networks for Object Detection},
  journal   = {CoRR},
  volume    = {abs/1612.03144},
  year      = {2016},
  url       = {http://arxiv.org/abs/1612.03144},
  archivePrefix = {arXiv},
  eprint    = {1612.03144},
  timestamp = {Mon, 13 Aug 2018 16:48:50 +0200},
  biburl    = {https://dblp.org/rec/bib/journals/corr/LinDGHHB16},
  bibsource = {dblp computer science bibliography, https://dblp.org}
}

@misc{efficientdetcite,
    title={EfficientDet: Scalable and Efficient Object Detection},
    author={Mingxing Tan and Ruoming Pang and Quoc V. Le},
    year={2019},
    eprint={1911.09070},
    archivePrefix={arXiv},
    primaryClass={cs.CV}
}

@article{dssdcite,
  author    = {Cheng{-}Yang Fu and
               Wei Liu and
               Ananth Ranga and
               Ambrish Tyagi and
               Alexander C. Berg},
  title     = {{DSSD} : Deconvolutional Single Shot Detector},
  journal   = {CoRR},
  volume    = {abs/1701.06659},
  year      = {2017},
  url       = {http://arxiv.org/abs/1701.06659},
  archivePrefix = {arXiv},
  eprint    = {1701.06659},
  timestamp = {Mon, 13 Aug 2018 16:46:53 +0200},
  biburl    = {https://dblp.org/rec/bib/journals/corr/FuLRTB17},
  bibsource = {dblp computer science bibliography, https://dblp.org}
}

@Article{pascalvoc,
   author = "Everingham, M. and Van~Gool, L. and Williams, C. K. I. and Winn, J. and Zisserman, A.",
   title = "The Pascal Visual Object Classes (VOC) Challenge",
   journal = "International Journal of Computer Vision",
   volume = "88",
   year = "2010",
   number = "2",
   month = jun,
   pages = "303--338",
}

@article{mscoco,
  author    = {Tsung{-}Yi Lin and
               Michael Maire and
               Serge J. Belongie and
               Lubomir D. Bourdev and
               Ross B. Girshick and
               James Hays and
               Pietro Perona and
               Deva Ramanan and
               Piotr Doll{\'{a}}r and
               C. Lawrence Zitnick},
  title     = {Microsoft {COCO:} Common Objects in Context},
  journal   = {CoRR},
  volume    = {abs/1405.0312},
  year      = {2014},
  url       = {http://arxiv.org/abs/1405.0312},
  archivePrefix = {arXiv},
  eprint    = {1405.0312},
  timestamp = {Mon, 13 Aug 2018 16:48:13 +0200},
  biburl    = {https://dblp.org/rec/bib/journals/corr/LinMBHPRDZ14},
  bibsource = {dblp computer science bibliography, https://dblp.org}
}

@article{mot,
	title = {{MOT}16: {A} Benchmark for Multi-Object Tracking},
	shorttitle = {MOT16},
	url = {http://arxiv.org/abs/1603.00831},
	journal = {arXiv:1603.00831 [cs]},
	author = {Milan, A. and Leal-Taix\'{e}, L. and Reid, I. and Roth, S. and Schindler, K.},
	month = mar,
	year = {2016},
	note = {arXiv: 1603.00831},
	keywords = {Computer Science - Computer Vision and Pattern Recognition}
}